@book{生态统计基础,
  title = {生态统计学基础},
  author = {张建国 and 李生态},
  year = {2020},
  publisher = {科学出版社}
}
